@book{dutta2018reinforcement,
  author    = {Dutta, S.},
  title     = {Reinforcement Learning with TensorFlow: A Beginner's Guide to Designing Self-Learning Systems with TensorFlow and OpenAI Gym},
  edition   = {1st},
  year      = {2018},
  publisher = {Packt Publishing},
  address   = {Birmingham}
}